<?xml version="1.0" encoding="UTF-8"?><collection xmlns="http://www.loc.gov/MARC21/slim"><record><leader>00378nam--2200133-i-4500</leader><controlfield tag="001">000030563</controlfield><controlfield tag="002">20161230</controlfield><controlfield tag="005">20161230201038</controlfield><controlfield tag="008">060222s1000------------r-----000-0-eng-d</controlfield><datafield ind1=" " ind2=" " tag="245"><subfield code="a">Turbulent flows and heat transfer</subfield></datafield><datafield ind1=" " ind2=" " tag="260"><subfield code="a">Princeton, N.J.Princeton University Press, 1959. Xv+549p</subfield></datafield><datafield ind1=" " ind2=" " tag="490"><subfield code="a">High Speed Aerodynamics And Jet Propulsion</subfield></datafield><datafield ind1=" " ind2=" " tag="700"><subfield code="a">Lin, C.C</subfield></datafield><datafield ind1=" " ind2=" " tag="852"><subfield code="a">15837</subfield></datafield></record></collection>